%%%%%%%%%%%%%%%%%%%%%%%%%%%%%%%%%%%%%%%%%%%%%%%%%%%%%%%%%%%%%%%%%%%%%%%%%%%%%%%%
% BIBLIOGRAFÍA                                                                 %
%                                                                              %
% Objetivo: Recopilar las referencias a información utilizadas y/o algunas     %
%           otras que puedan resultar interesantes                             %
%%%%%%%%%%%%%%%%%%%%%%%%%%%%%%%%%%%%%%%%%%%%%%%%%%%%%%%%%%%%%%%%%%%%%%%%%%%%%%%%
@Book{teoria-musical,
  author = {E. Herrera},
  title = {Teoría Musical Y Armonía Moderna - Volumen 1},
  edition = {1},
  publisher = {Antoni Bosch},
  year = {2015}
}

@misc{midi-details,
	author    = "{MIDI Manufacturers Association}",
	title     = "MIDI 1.0 Detailed Specification",
}

@article{asp-music,
	author={Boenn, Georg and Brain, Martin and De Vos, Marina and Ffitch, John},
	title =        "Automatic music composition using answer set programming",
	journal=		"Theory and Practice of Logic Programming",
	volume =       "11",
	number =       "2-3",
	pages =        "397--427",
	year =         "2011",
	DOI =          "http://dx.doi.org/10.1017/S1471068410000530"
}



@incollection{anton-composing,
	booktitle={Logic Programming and Nonmonotonic Reasoning},
	volume={5753},
	series={Lecture Notes in Computer Science},
	editor={Erdem, Esra and Lin, Fangzhen and Schaub, Torsten},
	doi={10.1007/978-3-642-04238-6_55},
	title={ANTON: Composing Logic and Logic Composing},
	DOI={http://dx.doi.org/10.1007/978-3-642-04238-6_55},
	publisher={Springer Berlin Heidelberg},
	author={Boenn, Georg and Brain, Martin and De Vos, Marina and Ffitch, John},
	pages={542-547},
	language={English}
}

@article{vox-populi,
	author={Moroni, Artemis and Manzolli, Jônatas and Gudwin, Ricardo},
	title =        "Vox Populi: An Interactive Evolutionary System for Algorithmic Music Composition",
	journal=		"Leonardo Music Journal",
	volume =       "10",
	pages =        "49--45",
	year=			"2000",
	DOI =          "http://dx.doi.org/10.1162/096112100570602"
}

@article{choral,
	author={Ebci̇oğlu, Kemal},
	title =        "An expert system for harmonizing chorales in the style of J.S. Bach",
	journal=		"The Journal of Logic Programming",
	volume =       "8",
	number = 		"1-2",
	pages =        "145--185",
	year =         "1990",
	DOI =          "http://dx.doi.org/10.1016/0743-1066(90)90055-A"
}

@Book{experiments-musical-intelligence,
	author = {David Cope},
	title = {Experiments in Musical Intelligence},
	edition = {2},
	publisher = {A-R Editions},
	year = {1996}
}

@misc{genetic-music,
	author    = "Victoria Tran",
	title     = "Music Composition Using Artificial Intelligence",
	year = {2009}
}



@article{asp-at-a-glance,
	author=		{Brewka, Gerhard and Eiter, Thomas and Truszczyński, Mirosław},
	title =        "Answer set programming at a glance",
	journal=		"Communications of the ACM",
	volume =       "54",
	number = 		"12",
	pages =        "92--103",
	year =         "2011",
	DOI =          "http://dx.doi.org/10.1145/2043174.2043195"
}

@incollection{stable-models-alternative-logic,
	year={1999},
	isbn={978-3-642-64249-4},
	booktitle={The Logic Programming Paradigm},
	series={Artificial Intelligence},
	editor={Apt, KrzysztofR. and Marek, VictorW. and Truszczynski, Mirek and Warren, DavidS.},
	doi={10.1007/978-3-642-60085-2_17},
	title={Stable Models and an Alternative Logic Programming Paradigm},
	url={http://dx.doi.org/10.1007/978-3-642-60085-2_17},
	publisher={Springer Berlin Heidelberg},
	author={Marek, VictorW. and Truszczyński, Miroslaw},
	pages={375-398},
	language={English}
}


@article{nie99,
	year={1999},
	issn={1012-2443},
	journal={Annals of Mathematics and Artificial Intelligence},
	volume={25},
	number={3-4},
	doi={10.1023/A:1018930122475},
	title={Logic programs with stable model semantics as a constraint programming paradigm},
	url={http://dx.doi.org/10.1023/A%3A1018930122475},
	publisher={Kluwer Academic Publishers},
	author={Niemelä, Ilkka},
	pages={241-273},
	language={English}
}

@misc{music21web,
	title = {{music21} A toolkit for computer-aided musicology},
	url= {http://web.mit.edu/music21/},
	note = {Accessed: 2015-11-05}
}

@misc{lilypondweb,
	title = {{LilyPond}: Musical notation for everyone},
	url=	{http://www.lilypond.org}",
	note = {Accessed: 2015-11-05}
}

